<?xml version="1.0" encoding="UTF-8"?><collection xmlns="http://www.loc.gov/MARC21/slim"><record><leader>00506nam--2200193-i-4500</leader><controlfield tag="001">000031345</controlfield><controlfield tag="002">20161230</controlfield><controlfield tag="005">20161230201038</controlfield><controlfield tag="008">060222s1000------------r-----000-0-eng-d</controlfield><datafield ind1=" " ind2=" " tag="040"><subfield code="a">IFIN-HH</subfield></datafield><datafield ind1=" " ind2=" " tag="080"><subfield code="a">539.17</subfield></datafield><datafield ind1="1" ind2=" " tag="100"><subfield code="a">Mather, K.B</subfield></datafield><datafield ind1="1" ind2="0" tag="245"><subfield code="a">Nuclear scattering</subfield><subfield code="c">K.b. mather, p. swan</subfield></datafield><datafield ind1=" " ind2=" " tag="260"><subfield code="a">Cambridge</subfield><subfield code="b">At The University Press</subfield><subfield code="c">1958</subfield></datafield><datafield ind1=" " ind2=" " tag="300"><subfield code="a">VIII + 468P</subfield></datafield><datafield ind1=" " ind2=" " tag="490"><subfield code="a">Cambridge Monographs On Physics</subfield></datafield><datafield ind1="1" ind2=" " tag="700"><subfield code="a">Swan, P</subfield></datafield><datafield ind1=" " ind2=" " tag="852"><subfield code="a">14418</subfield><subfield code="c">539.17</subfield></datafield><datafield ind1=" " ind2=" " tag="CAT"><subfield code="a">Sys</subfield><subfield code="c">20120529</subfield><subfield code="h">100209</subfield></datafield></record></collection>